@article{chorin,
AUTHOR={A.J. Chorin and O.H. Hald and R. Kupferman},
TITLE={Optimal prediction with memory},
JOURNAL={Physica D},
VOLUME={166},
PAGES={239--257},
YEAR=2002
}

@article{koopman,
AUTHOR={B.O. Koopman},
TITLE={Hamiltonian systems and transformation in {H}ilbert space},
JOURNAL={Proc. Nat. Acad. Sci.},
VOLUME={17},
PAGES={315--318},
YEAR=1931
}

@book{majda,
AUTHOR={A. Majda and X. Wang},
TITLE={Nonlinear Dyanmics and Statistical Theories for Basic Geophysical Flows},
PUBLISHER={Cambridge University Press},
ADDRESS={Cambridge},
YEAR=2006
}

@article{kutz2,
AUTHOR={J.N. Kutz and J.L. Proctor and S.L. Brunton},
TITLE={Applied {K}oopman theory for partial differential equations and data-driven modeling of spatio-temporal systems},
JOURNAL={Complexity},
VOLUME={2018},
PAGES={1--16},
YEAR=2018
}

@article{mezic1,
AUTHOR={I. Mezi\'{c}},
TITLE={Spectral properties of dynamical systems, model reduction, and decompositions},
JOURNAL={Nonlinear Dyn.},
VOLUME={41},
PAGES={309--325},
YEAR=2005
}

@article{mezic2,
AUTHOR={M. Korda and I. Mezi\'{c}},
TITLE={On convergence of extended dynamic mode decomposition to the {K}oopman operator},
JOURNAL={J. Nonlinear Sci.},
VOLUME={28},
PAGES={687--710},
YEAR=2018
}

@article{schmid,
AUTHOR={P. Schmid},
TITLE={Dynamic mode decomposition of numerical and experimental data},
JOURNAL={J. Fluid Mech.},
VOLUME={656},
PAGES={5--28},
YEAR=2010
}

@book{tan,
AUTHOR={P.N. Tan and M. Steinbach and V. Kumar},
TITLE={Introduction to Data Mining},
PUBLISHER={Pearson},
ADDRESS={New York, NY},
YEAR=2018
}

@article{williams,
AUTHOR={M.O. Williams and I. G. Kevrekidis and C. W. Rowley},
TITLE={A data-driven approximation of the {K}oopman operator: extending dynamic mode decomposition},
JOURNAL={J. Nonlin. Sci.},
VOLUME={25},
PAGES={1307--1346},
YEAR=2015
}

@book{kutz,
AUTHOR={J.N. Kutz and S.L. Brunton and B.W. Brunton and J.L. Proctor},
TITLE={Dynamic Mode Decomposition: Data-driven modeling of complex systems},
PUBLISHER={SIAM},
ADDRESS={Philadelphia, PA},
YEAR=2016
}